<collection xmlns="http://www.loc.gov/MARC21/slim">
<record>
  <leader>02788nam0a22003971i 450 </leader>
  <controlfield tag="001">IT\ICCU\CNCE\023943</controlfield>
  <controlfield tag="005">20100621000000.0</controlfield>
  <datafield tag="012" ind1=" " ind2=" ">
    <subfield code="a">i.x. e:ta s.e. nuvt (3) 1523 (R)</subfield>
    <subfield code="2">fei</subfield>
  </datafield>
  <datafield tag="100" ind1=" " ind2=" ">
    <subfield code="a">19970722d1523        0itac0103    ba</subfield>
  </datafield>
  <datafield tag="101" ind1=" " ind2=" ">
    <subfield code="a">LAT</subfield>
  </datafield>
  <datafield tag="102" ind1=" " ind2=" ">
    <subfield code="a">IT</subfield>
  </datafield>
  <datafield tag="200" ind1="1" ind2=" ">
    <subfield code="a">℗P. Terentii Aphri comicorum elegantissimi ℗Comoedi ̆a Guidone Iuuenale perquam litterato familiariter explanat ̆&amp; a Iodoco Badio Ascensio vna cum explanationibus rursum annotat ̆atque recognit:̆ cumque eiusdem Ascensii prăenotamentis atquae annotamentissuis locis adhibitis non prt̆ermissis Donati eruditissimi atque acerrimi grammatici acutissimis vtilissimisque commentariis. Nec non cum tabula omnium vocabulorum &amp; elegantiarum nuperrrime domini Nicolai Gorgonzole. Impensa &amp; cura diligenti addita ... Addiderit insuper dictus Nicolaus picturas omnium actuum: scenarumque gestorum demonstratices ... nec non ipsos versus primum inuersos: &amp; turpiter solutis pedibus claudos exemplari Aldino ad suum numerum adamussim redactos. Lege feliciter</subfield>
  </datafield>
  <datafield tag="210" ind1=" " ind2=" ">
    <subfield code="a">\Milano!</subfield>
    <subfield code="c">venundantur apud Gorgonzolam</subfield>
    <subfield code="e">Impressa Mediolani</subfield>
    <subfield code="g">per Augustinum de Vicomercato</subfield>
    <subfield code="h">1523 die VIII mensis Augusti</subfield>
  </datafield>
  <datafield tag="215" ind1=" " ind2=" ">
    <subfield code="a">\4!c, X, CLXVIII c.</subfield>
    <subfield code="c">ill.</subfield>
    <subfield code="d">fol</subfield>
  </datafield>
  <datafield tag="620" ind1=" " ind2=" ">
    <subfield code="a">IT</subfield>
    <subfield code="d">Milano</subfield>
  </datafield>
  <datafield tag="700" ind1=" " ind2="1">
    <subfield code="a">Terentius Afer,</subfield>
    <subfield code="b">Publius</subfield>
    <subfield code="3">IT\ICCU\CNCA\003195</subfield>
  </datafield>
  <datafield tag="702" ind1=" " ind2="1">
    <subfield code="a">Jouennaux,</subfield>
    <subfield code="b">Guy</subfield>
    <subfield code="3">IT\ICCU\CNCA\013327</subfield>
  </datafield>
  <datafield tag="702" ind1=" " ind2="1">
    <subfield code="a">Bade,</subfield>
    <subfield code="b">Josse</subfield>
    <subfield code="3">IT\ICCU\CNCA\001185</subfield>
  </datafield>
  <datafield tag="712" ind1="0" ind2="2">
    <subfield code="a">Agostino da Vimercate</subfield>
    <subfield code="3">IT\ICCU\CNCT\000877</subfield>
    <subfield code="4">650</subfield>
  </datafield>
  <datafield tag="712" ind1="0" ind2="0">
    <subfield code="a"></subfield>
    <subfield code="3">IT\ICCU\CNCT\000205</subfield>
    <subfield code="4">650</subfield>
  </datafield>
  <datafield tag="790" ind1=" " ind2="0">
    <subfield code="a">Terenzio</subfield>
    <subfield code="3">IT\ICCU\CNCA\014983</subfield>
    <subfield code="z">Terentius Afer, Publius</subfield>
  </datafield>
  <datafield tag="790" ind1=" " ind2="1">
    <subfield code="a">Iuvenalis,</subfield>
    <subfield code="b">Guido</subfield>
    <subfield code="3">IT\ICCU\CNCA\017034</subfield>
    <subfield code="z">Jouennaux, Guy</subfield>
  </datafield>
  <datafield tag="790" ind1=" " ind2="1">
    <subfield code="a">Jouanneaux,</subfield>
    <subfield code="b">Guy</subfield>
    <subfield code="3">IT\ICCU\CNCA\019516</subfield>
    <subfield code="z">Jouennaux, Guy</subfield>
  </datafield>
  <datafield tag="790" ind1=" " ind2="1">
    <subfield code="a">Jouenneaux,</subfield>
    <subfield code="b">Guy</subfield>
    <subfield code="3">IT\ICCU\CNCA\019517</subfield>
    <subfield code="z">Jouennaux, Guy</subfield>
  </datafield>
  <datafield tag="790" ind1=" " ind2="0">
    <subfield code="a">Guido</subfield>
    <subfield code="c"> : a Iuvenale</subfield>
    <subfield code="3">IT\ICCU\CNCA\019519</subfield>
    <subfield code="z">Jouennaux, Guy</subfield>
  </datafield>
  <datafield tag="790" ind1=" " ind2="0">
    <subfield code="a">Badius Ascensius Jodocus</subfield>
    <subfield code="3">IT\ICCU\CNCA\003294</subfield>
    <subfield code="z">Bade, Josse</subfield>
  </datafield>
  <datafield tag="790" ind1=" " ind2="0">
    <subfield code="a">Ascensius</subfield>
    <subfield code="3">IT\ICCU\CNCA\026332</subfield>
    <subfield code="z">Bade, Josse</subfield>
  </datafield>
  <datafield tag="791" ind1="0" ind2="0">
    <subfield code="a">Vimercate, Agostino da</subfield>
    <subfield code="3">IT\ICCU\CNCT\002967</subfield>
    <subfield code="z">Agostino da Vimercate</subfield>
  </datafield>
  <datafield tag="791" ind1="0" ind2="0">
    <subfield code="a">Vicomercato, Augustinus de</subfield>
    <subfield code="3">IT\ICCU\CNCT\003616</subfield>
    <subfield code="z">Agostino da Vimercate</subfield>
  </datafield>
  <datafield tag="791" ind1="0" ind2="2">
    <subfield code="a">Nicolo da Gorgonzola</subfield>
    <subfield code="3">IT\ICCU\CNCT\004950</subfield>
    <subfield code="z"></subfield>
  </datafield>
  <datafield tag="801" ind1=" " ind2="3">
    <subfield code="a">IT</subfield>
    <subfield code="b">ICCU</subfield>
    <subfield code="c">20201114</subfield>
  </datafield>
  <datafield tag="899" ind1=" " ind2=" ">
    <subfield code="a">Biblioteca comunale Planettiana. Jesi</subfield>
    <subfield code="1">AN0092</subfield>
    <subfield code="2">URB BC</subfield>
  </datafield>
  <datafield tag="899" ind1=" " ind2=" ">
    <subfield code="a">Biblioteca nazionale universitaria. Torino</subfield>
    <subfield code="1">TO0265</subfield>
    <subfield code="2">TO0 02</subfield>
  </datafield>
  <datafield tag="899" ind1=" " ind2=" ">
    <subfield code="a">Biblioteca capitolare S. Giovanni. Busto Arsizio</subfield>
    <subfield code="1">VA0030</subfield>
    <subfield code="2">ZVA 02</subfield>
  </datafield>
  <datafield tag="911" ind1=" " ind2=" ">
    <subfield code="a">Sul front.</subfield>
    <subfield code="9">IT\ICCU\CNCM\000436</subfield>
  </datafield>
  <datafield tag="921" ind1=" " ind2=" ">
    <subfield code="a">IT\ICCU\CNCM\000436</subfield>
    <subfield code="b">Nastro con nome di Nicolaus Gorgonzola avvolge uno scettro che ha alla base una P e all&apos;apice una stella. Intorno ornamenti floreali.</subfield>
    <subfield code="c">K70</subfield>
    <subfield code="c">Z913</subfield>
    <subfield code="f">GORGONZOLA</subfield>
    <subfield code="f">LETTERAP</subfield>
    <subfield code="f">NASTRO</subfield>
    <subfield code="f">NICOLAUS</subfield>
    <subfield code="f">STELLA</subfield>
    <subfield code="g">1509-1523</subfield>
  </datafield>
</record>
</collection>
